@misc{guillou,
  author        = {Bertrand Guillou},
  title         = {Class Notes - 
{E}quivariant {H}omotopy and {C}ohomology,
{M}ath 751},
  month         = {Fall},
  year          = {2020},
  publisher={University of Kentucky},
note = {Available at \url{https://www.ms.uky.edu/~guillou/F20/751Notes.pdf}}
}
@misc{blumberg,
  author        = {Andrew Blumberg},
  title         = {{L}ecture {N}otes on {E}quivariant {S}table {H}omotopy {T}heory},
  month         = {Spring},
  year          = {2017},
  publisher={University of Austin},
note = {Available at \url{https://web.ma.utexas.edu/users/a.debray/lecture_notes/m392c_EHT_notes.pdf}}
}
@article {Sasaki1982Green,
    AUTHOR = {Sasaki, Hiroki},
     TITLE = {Green correspondence and transfer theorems of {W}ielandt type
              for {$G$}-functors},
   JOURNAL = {J. Algebra},
  FJOURNAL = {Journal of Algebra},
    VOLUME = {79},
      YEAR = {1982},
    NUMBER = {1},
     PAGES = {98--120},
      ISSN = {0021-8693},
   MRCLASS = {20C20 (16A61)},
  MRNUMBER = {679973},
MRREVIEWER = {Peter W. Donovan},
       DOI = {10.1016/0021-8693(82)90319-2},
       URL = {https://doi.org/10.1016/0021-8693(82)90319-2},
}
@book {May1999concise,
    AUTHOR = {May, J. P.},
     TITLE = {A concise course in algebraic topology},
    SERIES = {Chicago Lectures in Mathematics},
 PUBLISHER = {University of Chicago Press, Chicago, IL},
      YEAR = {1999},
     PAGES = {x+243},
      ISBN = {0-226-51182-0; 0-226-51183-9},
   MRCLASS = {55-02 (18-02 57-02)},
  MRNUMBER = {1702278},
MRREVIEWER = {R. M. Vogt},
}
@incollection {MR764596,
    AUTHOR = {Adams, J. F.},
     TITLE = {Prerequisites (on equivariant stable homotopy) for
              {C}arlsson's lecture},
 BOOKTITLE = {Algebraic topology, {A}arhus 1982 ({A}arhus, 1982)},
    SERIES = {Lecture Notes in Math.},
    VOLUME = {1051},
     PAGES = {483--532},
 PUBLISHER = {Springer, Berlin},
      YEAR = {1984},
   MRCLASS = {57S17 (55P91)},
  MRNUMBER = {764596},
MRREVIEWER = {J. P. May},
       DOI = {10.1007/BFb0075584},
       URL = {https://doi.org/10.1007/BFb0075584},
}
@book {Adams1974Stable,
    AUTHOR = {Adams, J. F.},
     TITLE = {Stable homotopy and generalised homology},
    SERIES = {Chicago Lectures in Mathematics},
 PUBLISHER = {University of Chicago Press, Chicago, Ill.-London},
      YEAR = {1974},
     PAGES = {x+373},
   MRCLASS = {55B20 (55E10)},
  MRNUMBER = {402720},
MRREVIEWER = {P. S. Landweber},
}
@book{LMS,
    AUTHOR = {Lewis, Jr., L. G. and May, J. P. and Steinberger, M. and
              McClure, J. E.},
     TITLE = {Equivariant stable homotopy theory},
    SERIES = {Lecture Notes in Mathematics},
    VOLUME = {1213},
      NOTE = {With contributions by J. E. McClure},
 PUBLISHER = {Springer-Verlag, Berlin},
      YEAR = {1986},
     PAGES = {x+538},
      ISBN = {3-540-16820-6},
   MRCLASS = {55-02 (55Nxx 55Pxx 57S99)},
  MRNUMBER = {866482},
MRREVIEWER = {T. tom Dieck},
       DOI = {10.1007/BFb0075778},
       URL = {https://doi.org/10.1007/BFb0075778},
}