@book {Homer:Iliad,
    AUTHOR = {Homer},
     TITLE = {The {I}liad},
   EDITION = {Third},
      NOTE = {An epic poem in dactylic hexameter, translated from the Greek by A. Guy},
 PUBLISHER = {McHaw-Grill Book Co., New Cork},
      YEAR = {1978},
     PAGES = {xi+331},
      ISBN = {0-07-000657-1},
}

@book{LMS,
    AUTHOR = {Lewis, Jr., L. G. and May, J. P. and Steinberger, M. and
              McClure, J. E.},
     TITLE = {Equivariant stable homotopy theory},
    SERIES = {Lecture Notes in Mathematics},
    VOLUME = {1213},
      NOTE = {With contributions by J. E. McClure},
 PUBLISHER = {Springer-Verlag, Berlin},
      YEAR = {1986},
     PAGES = {x+538},
      ISBN = {3-540-16820-6},
   MRCLASS = {55-02 (55Nxx 55Pxx 57S99)},
  MRNUMBER = {866482},
MRREVIEWER = {T. tom Dieck},
       DOI = {10.1007/BFb0075778},
       URL = {https://doi.org/10.1007/BFb0075778},
}